%YAML 1.1
%TAG !u! tag:unity3d.com,2011:
--- !u!29 &1
OcclusionCullingSettings:
  m_ObjectHideFlags: 0
  serializedVersion: 2
  m_OcclusionBakeSettings:
    smallestOccluder: 5
    smallestHole: 0.25
    backfaceThreshold: 100
  m_SceneGUID: 00000000000000000000000000000000
  m_OcclusionCullingData: {fileID: 0}
--- !u!104 &2
RenderSettings:
  m_ObjectHideFlags: 0
  serializedVersion: 9
  m_Fog: 0
  m_FogColor: {r: 0.5, g: 0.5, b: 0.5, a: 1}
  m_FogMode: 3
  m_FogDensity: 0.01
  m_LinearFogStart: 0
  m_LinearFogEnd: 300
  m_AmbientSkyColor: {r: 0.1, g: 0.1, b: 0.1, a: 1}
  m_AmbientEquatorColor: {r: 0.114, g: 0.125, b: 0.133, a: 1}
  m_AmbientGroundColor: {r: 0.047, g: 0.043, b: 0.035, a: 1}
  m_AmbientIntensity: 1
  m_AmbientMode: 4
  m_SubtractiveShadowColor: {r: 0.42, g: 0.478, b: 0.627, a: 1}
  m_SkyboxMaterial: {fileID: 10304, guid: 0000000000000000f000000000000000, type: 0}
  m_HaloStrength: 0.5
  m_FlareStrength: 1
  m_FlareFadeSpeed: 3
  m_HaloTexture: {fileID: 0}
  m_SpotCookie: {fileID: 10001, guid: 0000000000000000e000000000000000, type: 0}
  m_DefaultReflectionMode: 0
  m_DefaultReflectionResolution: 128
  m_ReflectionBounces: 1
  m_ReflectionIntensity: 1
  m_CustomReflection: {fileID: 0}
  m_Sun: {fileID: 0}
  m_IndirectSpecularColor: {r: 0.44657898, g: 0.4964133, b: 0.5748178, a: 1}
  m_UseRadianceAmbientProbe: 0
--- !u!157 &3
LightmapSettings:
  m_ObjectHideFlags: 0
  serializedVersion: 11
  m_GIWorkflowMode: 0
  m_GISettings:
    serializedVersion: 2
    m_BounceScale: 1
    m_IndirectOutputScale: 1
    m_AlbedoBoost: 1
    m_TemporalCoherenceThreshold: 1
    m_EnvironmentLightingMode: 0
    m_EnableBakedLightmaps: 1
    m_EnableRealtimeLightmaps: 0
  m_LightmapEditorSettings:
    serializedVersion: 10
    m_Resolution: 2
    m_BakeResolution: 10
    m_AtlasSize: 512
    m_AO: 0
    m_AOMaxDistance: 1
    m_CompAOExponent: 1
    m_CompAOExponentDirect: 0
    m_Padding: 2
    m_LightmapParameters: {fileID: 0}
    m_LightmapsBakeMode: 1
    m_TextureCompression: 1
    m_FinalGather: 0
    m_FinalGatherFiltering: 1
    m_FinalGatherRayCount: 256
    m_ReflectionCompression: 2
    m_MixedBakeMode: 2
    m_BakeBackend: 1
    m_PVRSampling: 1
    m_PVRDirectSampleCount: 32
    m_PVRSampleCount: 256
    m_PVRBounces: 2
    m_PVRFilterTypeDirect: 0
    m_PVRFilterTypeIndirect: 0
    m_PVRFilterTypeAO: 0
    m_PVRFilteringMode: 1
    m_PVRCulling: 1
    m_PVRFilteringGaussRadiusDirect: 1
    m_PVRFilteringGaussRadiusIndirect: 5
    m_PVRFilteringGaussRadiusAO: 2
    m_PVRFilteringAtrousPositionSigmaDirect: 0.5
    m_PVRFilteringAtrousPositionSigmaIndirect: 2
    m_PVRFilteringAtrousPositionSigmaAO: 1
    m_ShowResolutionOverlay: 1
  m_LightingDataAsset: {fileID: 0}
  m_UseShadowmask: 1
--- !u!196 &4
NavMeshSettings:
  serializedVersion: 2
  m_ObjectHideFlags: 0
  m_BuildSettings:
    serializedVersion: 2
    agentTypeID: 0
    agentRadius: 0.5
    agentHeight: 2
    agentSlope: 45
    agentClimb: 0.4
    ledgeDropHeight: 0
    maxJumpAcrossDistance: 0
    minRegionArea: 2
    manualCellSize: 0
    cellSize: 0.16666667
    manualTileSize: 0
    tileSize: 256
    accuratePlacement: 0
    debug:
      m_Flags: 0
  m_NavMeshData: {fileID: 0}
--- !u!1 &170076733
GameObject:
  m_ObjectHideFlags: 0
  m_PrefabParentObject: {fileID: 0}
  m_PrefabInternal: {fileID: 0}
  serializedVersion: 5
  m_Component:
  - component: {fileID: 170076735}
  - component: {fileID: 170076734}
  m_Layer: 0
  m_Name: Directional Light
  m_TagString: Untagged
  m_Icon: {fileID: 0}
  m_NavMeshLayer: 0
  m_StaticEditorFlags: 0
  m_IsActive: 1
--- !u!108 &170076734
Light:
  m_ObjectHideFlags: 0
  m_PrefabParentObject: {fileID: 0}
  m_PrefabInternal: {fileID: 0}
  m_GameObject: {fileID: 170076733}
  m_Enabled: 1
  serializedVersion: 8
  m_Type: 1
  m_Color: {r: 1, g: 0.95686275, b: 0.8392157, a: 1}
  m_Intensity: 1
  m_Range: 10
  m_SpotAngle: 30
  m_CookieSize: 10
  m_Shadows:
    m_Type: 2
    m_Resolution: -1
    m_CustomResolution: -1
    m_Strength: 1
    m_Bias: 0.05
    m_NormalBias: 0.4
    m_NearPlane: 0.2
  m_Cookie: {fileID: 0}
  m_DrawHalo: 0
  m_Flare: {fileID: 0}
  m_RenderMode: 0
  m_CullingMask:
    serializedVersion: 2
    m_Bits: 4294967295
  m_Lightmapping: 1
  m_AreaSize: {x: 1, y: 1}
  m_BounceIntensity: 1
  m_ColorTemperature: 6570
  m_UseColorTemperature: 0
  m_ShadowRadius: 0
  m_ShadowAngle: 0
--- !u!4 &170076735
Transform:
  m_ObjectHideFlags: 0
  m_PrefabParentObject: {fileID: 0}
  m_PrefabInternal: {fileID: 0}
  m_GameObject: {fileID: 170076733}
  m_LocalRotation: {x: 0.40821788, y: -0.23456968, z: 0.10938163, w: 0.8754261}
  m_LocalPosition: {x: 0, y: 3, z: 0}
  m_LocalScale: {x: 1, y: 1, z: 1}
  m_Children: []
  m_Father: {fileID: 0}
  m_RootOrder: 2
  m_LocalEulerAnglesHint: {x: 50, y: -30, z: 0}
--- !u!1 &266636678
GameObject:
  m_ObjectHideFlags: 0
  m_PrefabParentObject: {fileID: 0}
  m_PrefabInternal: {fileID: 0}
  serializedVersion: 5
  m_Component:
  - component: {fileID: 266636679}
  - component: {fileID: 266636681}
  - component: {fileID: 266636680}
  - component: {fileID: 266636682}
  m_Layer: 5
  m_Name: Image
  m_TagString: Untagged
  m_Icon: {fileID: 0}
  m_NavMeshLayer: 0
  m_StaticEditorFlags: 0
  m_IsActive: 1
--- !u!224 &266636679
RectTransform:
  m_ObjectHideFlags: 0
  m_PrefabParentObject: {fileID: 0}
  m_PrefabInternal: {fileID: 0}
  m_GameObject: {fileID: 266636678}
  m_LocalRotation: {x: 0, y: 0, z: 0, w: 1}
  m_LocalPosition: {x: 0, y: 0, z: 0}
  m_LocalScale: {x: 1, y: 1, z: 1}
  m_Children: []
  m_Father: {fileID: 826145443}
  m_RootOrder: 0
  m_LocalEulerAnglesHint: {x: 0, y: 0, z: 0}
  m_AnchorMin: {x: 0.5, y: 0.5}
  m_AnchorMax: {x: 0.5, y: 0.5}
  m_AnchoredPosition: {x: -126.5, y: -155}
  m_SizeDelta: {x: 100, y: 100}
  m_Pivot: {x: 0.5, y: 0.5}
--- !u!114 &266636680
MonoBehaviour:
  m_ObjectHideFlags: 0
  m_PrefabParentObject: {fileID: 0}
  m_PrefabInternal: {fileID: 0}
  m_GameObject: {fileID: 266636678}
  m_Enabled: 1
  m_EditorHideFlags: 0
  m_Script: {fileID: -765806418, guid: f5f67c52d1564df4a8936ccd202a3bd8, type: 3}
  m_Name: 
  m_EditorClassIdentifier: 
  m_Material: {fileID: 0}
  m_Color: {r: 1, g: 1, b: 1, a: 1}
  m_RaycastTarget: 1
  m_OnCullStateChanged:
    m_PersistentCalls:
      m_Calls: []
    m_TypeName: UnityEngine.UI.MaskableGraphic+CullStateChangedEvent, UnityEngine.UI,
      Version=1.0.0.0, Culture=neutral, PublicKeyToken=null
  m_Sprite: {fileID: 0}
  m_Type: 0
  m_PreserveAspect: 0
  m_FillCenter: 1
  m_FillMethod: 4
  m_FillAmount: 1
  m_FillClockwise: 1
  m_FillOrigin: 0
--- !u!222 &266636681
CanvasRenderer:
  m_ObjectHideFlags: 0
  m_PrefabParentObject: {fileID: 0}
  m_PrefabInternal: {fileID: 0}
  m_GameObject: {fileID: 266636678}
--- !u!114 &266636682
MonoBehaviour:
  m_ObjectHideFlags: 0
  m_PrefabParentObject: {fileID: 0}
  m_PrefabInternal: {fileID: 0}
  m_GameObject: {fileID: 266636678}
  m_Enabled: 1
  m_EditorHideFlags: 0
  m_Script: {fileID: 11500000, guid: 810d47e0584a7e043959fe8f643b67e2, type: 3}
  m_Name: 
  m_EditorClassIdentifier: 
--- !u!1 &282840810
GameObject:
  m_ObjectHideFlags: 0
  m_PrefabParentObject: {fileID: 0}
  m_PrefabInternal: {fileID: 0}
  serializedVersion: 5
  m_Component:
  - component: {fileID: 282840814}
  - component: {fileID: 282840813}
  - component: {fileID: 282840811}
  m_Layer: 0
  m_Name: Main Camera
  m_TagString: MainCamera
  m_Icon: {fileID: 0}
  m_NavMeshLayer: 0
  m_StaticEditorFlags: 0
  m_IsActive: 1
--- !u!81 &282840811
AudioListener:
  m_ObjectHideFlags: 0
  m_PrefabParentObject: {fileID: 0}
  m_PrefabInternal: {fileID: 0}
  m_GameObject: {fileID: 282840810}
  m_Enabled: 1
--- !u!20 &282840813
Camera:
  m_ObjectHideFlags: 0
  m_PrefabParentObject: {fileID: 0}
  m_PrefabInternal: {fileID: 0}
  m_GameObject: {fileID: 282840810}
  m_Enabled: 1
  serializedVersion: 2
  m_ClearFlags: 1
  m_BackGroundColor: {r: 0.19215687, g: 0.3019608, b: 0.4745098, a: 0}
  m_NormalizedViewPortRect:
    serializedVersion: 2
    x: 0
    y: 0
    width: 1
    height: 1
  near clip plane: 0.3
  far clip plane: 1000
  field of view: 60
  orthographic: 0
  orthographic size: 5
  m_Depth: -1
  m_CullingMask:
    serializedVersion: 2
    m_Bits: 4294967295
  m_RenderingPath: -1
  m_TargetTexture: {fileID: 0}
  m_TargetDisplay: 0
  m_TargetEye: 3
  m_HDR: 1
  m_AllowMSAA: 1
  m_AllowDynamicResolution: 0
  m_ForceIntoRT: 1
  m_OcclusionCulling: 1
  m_StereoConvergence: 10
  m_StereoSeparation: 0.022
--- !u!4 &282840814
Transform:
  m_ObjectHideFlags: 0
  m_PrefabParentObject: {fileID: 0}
  m_PrefabInternal: {fileID: 0}
  m_GameObject: {fileID: 282840810}
  m_LocalRotation: {x: 0, y: 0, z: 0, w: 1}
  m_LocalPosition: {x: 0, y: 1, z: -10}
  m_LocalScale: {x: 1, y: 1, z: 1}
  m_Children: []
  m_Father: {fileID: 0}
  m_RootOrder: 0
  m_LocalEulerAnglesHint: {x: 0, y: 0, z: 0}
--- !u!1 &826145439
GameObject:
  m_ObjectHideFlags: 0
  m_PrefabParentObject: {fileID: 0}
  m_PrefabInternal: {fileID: 0}
  serializedVersion: 5
  m_Component:
  - component: {fileID: 826145443}
  - component: {fileID: 826145442}
  - component: {fileID: 826145441}
  - component: {fileID: 826145440}
  m_Layer: 5
  m_Name: Canvas
  m_TagString: Untagged
  m_Icon: {fileID: 0}
  m_NavMeshLayer: 0
  m_StaticEditorFlags: 0
  m_IsActive: 1
--- !u!114 &826145440
MonoBehaviour:
  m_ObjectHideFlags: 0
  m_PrefabParentObject: {fileID: 0}
  m_PrefabInternal: {fileID: 0}
  m_GameObject: {fileID: 826145439}
  m_Enabled: 1
  m_EditorHideFlags: 0
  m_Script: {fileID: 1301386320, guid: f5f67c52d1564df4a8936ccd202a3bd8, type: 3}
  m_Name: 
  m_EditorClassIdentifier: 
  m_IgnoreReversedGraphics: 1
  m_BlockingObjects: 0
  m_BlockingMask:
    serializedVersion: 2
    m_Bits: 4294967295
--- !u!114 &826145441
MonoBehaviour:
  m_ObjectHideFlags: 0
  m_PrefabParentObject: {fileID: 0}
  m_PrefabInternal: {fileID: 0}
  m_GameObject: {fileID: 826145439}
  m_Enabled: 1
  m_EditorHideFlags: 0
  m_Script: {fileID: 1980459831, guid: f5f67c52d1564df4a8936ccd202a3bd8, type: 3}
  m_Name: 
  m_EditorClassIdentifier: 
  m_UiScaleMode: 0
  m_ReferencePixelsPerUnit: 100
  m_ScaleFactor: 1
  m_ReferenceResolution: {x: 800, y: 600}
  m_ScreenMatchMode: 0
  m_MatchWidthOrHeight: 0
  m_PhysicalUnit: 3
  m_FallbackScreenDPI: 96
  m_DefaultSpriteDPI: 96
  m_DynamicPixelsPerUnit: 1
--- !u!223 &826145442
Canvas:
  m_ObjectHideFlags: 0
  m_PrefabParentObject: {fileID: 0}
  m_PrefabInternal: {fileID: 0}
  m_GameObject: {fileID: 826145439}
  m_Enabled: 1
  serializedVersion: 3
  m_RenderMode: 0
  m_Camera: {fileID: 0}
  m_PlaneDistance: 100
  m_PixelPerfect: 0
  m_ReceivesEvents: 1
  m_OverrideSorting: 0
  m_OverridePixelPerfect: 0
  m_SortingBucketNormalizedSize: 0
  m_AdditionalShaderChannelsFlag: 0
  m_SortingLayerID: 0
  m_SortingOrder: 0
  m_TargetDisplay: 0
--- !u!224 &826145443
RectTransform:
  m_ObjectHideFlags: 0
  m_PrefabParentObject: {fileID: 0}
  m_PrefabInternal: {fileID: 0}
  m_GameObject: {fileID: 826145439}
  m_LocalRotation: {x: 0, y: 0, z: 0, w: 1}
  m_LocalPosition: {x: 0, y: 0, z: 0}
  m_LocalScale: {x: 0, y: 0, z: 0}
  m_Children:
  - {fileID: 266636679}
  m_Father: {fileID: 0}
  m_RootOrder: 3
  m_LocalEulerAnglesHint: {x: 0, y: 0, z: 0}
  m_AnchorMin: {x: 0, y: 0}
  m_AnchorMax: {x: 0, y: 0}
  m_AnchoredPosition: {x: 0, y: 0}
  m_SizeDelta: {x: 0, y: 0}
  m_Pivot: {x: 0, y: 0}
--- !u!1 &1406653891
GameObject:
  m_ObjectHideFlags: 0
  m_PrefabParentObject: {fileID: 0}
  m_PrefabInternal: {fileID: 0}
  serializedVersion: 5
  m_Component:
  - component: {fileID: 1406653894}
  - component: {fileID: 1406653893}
  - component: {fileID: 1406653892}
  m_Layer: 0
  m_Name: EventSystem
  m_TagString: Untagged
  m_Icon: {fileID: 0}
  m_NavMeshLayer: 0
  m_StaticEditorFlags: 0
  m_IsActive: 1
--- !u!114 &1406653892
MonoBehaviour:
  m_ObjectHideFlags: 0
  m_PrefabParentObject: {fileID: 0}
  m_PrefabInternal: {fileID: 0}
  m_GameObject: {fileID: 1406653891}
  m_Enabled: 1
  m_EditorHideFlags: 0
  m_Script: {fileID: 1077351063, guid: f5f67c52d1564df4a8936ccd202a3bd8, type: 3}
  m_Name: 
  m_EditorClassIdentifier: 
  m_HorizontalAxis: Horizontal
  m_VerticalAxis: Vertical
  m_SubmitButton: Submit
  m_CancelButton: Cancel
  m_InputActionsPerSecond: 10
  m_RepeatDelay: 0.5
  m_ForceModuleActive: 0
--- !u!114 &1406653893
MonoBehaviour:
  m_ObjectHideFlags: 0
  m_PrefabParentObject: {fileID: 0}
  m_PrefabInternal: {fileID: 0}
  m_GameObject: {fileID: 1406653891}
  m_Enabled: 1
  m_EditorHideFlags: 0
  m_Script: {fileID: -619905303, guid: f5f67c52d1564df4a8936ccd202a3bd8, type: 3}
  m_Name: 
  m_EditorClassIdentifier: 
  m_FirstSelected: {fileID: 0}
  m_sendNavigationEvents: 1
  m_DragThreshold: 10
--- !u!4 &1406653894
Transform:
  m_ObjectHideFlags: 0
  m_PrefabParentObject: {fileID: 0}
  m_PrefabInternal: {fileID: 0}
  m_GameObject: {fileID: 1406653891}
  m_LocalRotation: {x: 0, y: 0, z: 0, w: 1}
  m_LocalPosition: {x: 0, y: 0, z: 0}
  m_LocalScale: {x: 1, y: 1, z: 1}
  m_Children: []
  m_Father: {fileID: 0}
  m_RootOrder: 4
  m_LocalEulerAnglesHint: {x: 0, y: 0, z: 0}
--- !u!1001 &1728056279
Prefab:
  m_ObjectHideFlags: 0
  serializedVersion: 2
  m_Modification:
    m_TransformParent: {fileID: 0}
    m_Modifications:
    - target: {fileID: 400004, guid: 86d9ef5b89a47c64fbb841c442d147fb, type: 3}
      propertyPath: m_LocalPosition.x
      value: 3.2446935
      objectReference: {fileID: 0}
    - target: {fileID: 400004, guid: 86d9ef5b89a47c64fbb841c442d147fb, type: 3}
      propertyPath: m_LocalPosition.y
      value: -0.07571983
      objectReference: {fileID: 0}
    - target: {fileID: 400004, guid: 86d9ef5b89a47c64fbb841c442d147fb, type: 3}
      propertyPath: m_LocalPosition.z
      value: -0.17570972
      objectReference: {fileID: 0}
    - target: {fileID: 400004, guid: 86d9ef5b89a47c64fbb841c442d147fb, type: 3}
      propertyPath: m_LocalRotation.x
      value: 0
      objectReference: {fileID: 0}
    - target: {fileID: 400004, guid: 86d9ef5b89a47c64fbb841c442d147fb, type: 3}
      propertyPath: m_LocalRotation.y
      value: 0
      objectReference: {fileID: 0}
    - target: {fileID: 400004, guid: 86d9ef5b89a47c64fbb841c442d147fb, type: 3}
      propertyPath: m_LocalRotation.z
      value: 0
      objectReference: {fileID: 0}
    - target: {fileID: 400004, guid: 86d9ef5b89a47c64fbb841c442d147fb, type: 3}
      propertyPath: m_LocalRotation.w
      value: 1
      objectReference: {fileID: 0}
    - target: {fileID: 400004, guid: 86d9ef5b89a47c64fbb841c442d147fb, type: 3}
      propertyPath: m_RootOrder
      value: 1
      objectReference: {fileID: 0}
    - target: {fileID: 9500000, guid: 86d9ef5b89a47c64fbb841c442d147fb, type: 3}
      propertyPath: m_Controller
      value: 
      objectReference: {fileID: 9100000, guid: 5277653170eaf55408adcaf5002d4eeb, type: 2}
    - target: {fileID: 400150, guid: 86d9ef5b89a47c64fbb841c442d147fb, type: 3}
      propertyPath: m_LocalEulerAnglesHint.x
      value: -37.655334
      objectReference: {fileID: 0}
    - target: {fileID: 400150, guid: 86d9ef5b89a47c64fbb841c442d147fb, type: 3}
      propertyPath: m_LocalEulerAnglesHint.y
      value: -65.21245
      objectReference: {fileID: 0}
    - target: {fileID: 400150, guid: 86d9ef5b89a47c64fbb841c442d147fb, type: 3}
      propertyPath: m_LocalEulerAnglesHint.z
      value: 0.3112574
      objectReference: {fileID: 0}
    - target: {fileID: 400112, guid: 86d9ef5b89a47c64fbb841c442d147fb, type: 3}
      propertyPath: m_LocalEulerAnglesHint.x
      value: -16.416294
      objectReference: {fileID: 0}
    - target: {fileID: 400112, guid: 86d9ef5b89a47c64fbb841c442d147fb, type: 3}
      propertyPath: m_LocalEulerAnglesHint.y
      value: 6.766198
      objectReference: {fileID: 0}
    - target: {fileID: 400112, guid: 86d9ef5b89a47c64fbb841c442d147fb, type: 3}
      propertyPath: m_LocalEulerAnglesHint.z
      value: -13.504435
      objectReference: {fileID: 0}
    - target: {fileID: 400030, guid: 86d9ef5b89a47c64fbb841c442d147fb, type: 3}
      propertyPath: m_LocalEulerAnglesHint.x
      value: 10.792044
      objectReference: {fileID: 0}
    - target: {fileID: 400030, guid: 86d9ef5b89a47c64fbb841c442d147fb, type: 3}
      propertyPath: m_LocalEulerAnglesHint.y
      value: 167.08592
      objectReference: {fileID: 0}
    - target: {fileID: 400030, guid: 86d9ef5b89a47c64fbb841c442d147fb, type: 3}
      propertyPath: m_LocalEulerAnglesHint.z
      value: -174.17122
      objectReference: {fileID: 0}
    - target: {fileID: 400216, guid: 86d9ef5b89a47c64fbb841c442d147fb, type: 3}
      propertyPath: m_LocalEulerAnglesHint.x
      value: 34.68096
      objectReference: {fileID: 0}
    - target: {fileID: 400216, guid: 86d9ef5b89a47c64fbb841c442d147fb, type: 3}
      propertyPath: m_LocalEulerAnglesHint.y
      value: -65.67099
      objectReference: {fileID: 0}
    - target: {fileID: 400216, guid: 86d9ef5b89a47c64fbb841c442d147fb, type: 3}
      propertyPath: m_LocalEulerAnglesHint.z
      value: -6.5658984
      objectReference: {fileID: 0}
    - target: {fileID: 400142, guid: 86d9ef5b89a47c64fbb841c442d147fb, type: 3}
      propertyPath: m_LocalEulerAnglesHint.x
      value: 6.370399
      objectReference: {fileID: 0}
    - target: {fileID: 400142, guid: 86d9ef5b89a47c64fbb841c442d147fb, type: 3}
      propertyPath: m_LocalEulerAnglesHint.y
      value: -80.69335
      objectReference: {fileID: 0}
    - target: {fileID: 400142, guid: 86d9ef5b89a47c64fbb841c442d147fb, type: 3}
      propertyPath: m_LocalEulerAnglesHint.z
      value: 61.004036
      objectReference: {fileID: 0}
    - target: {fileID: 400092, guid: 86d9ef5b89a47c64fbb841c442d147fb, type: 3}
      propertyPath: m_LocalEulerAnglesHint.x
      value: 3.918687
      objectReference: {fileID: 0}
    - target: {fileID: 400092, guid: 86d9ef5b89a47c64fbb841c442d147fb, type: 3}
      propertyPath: m_LocalEulerAnglesHint.y
      value: 97.13885
      objectReference: {fileID: 0}
    - target: {fileID: 400092, guid: 86d9ef5b89a47c64fbb841c442d147fb, type: 3}
      propertyPath: m_LocalEulerAnglesHint.z
      value: 1.2562457
      objectReference: {fileID: 0}
    - target: {fileID: 400164, guid: 86d9ef5b89a47c64fbb841c442d147fb, type: 3}
      propertyPath: m_LocalEulerAnglesHint.x
      value: 47.458458
      objectReference: {fileID: 0}
    - target: {fileID: 400164, guid: 86d9ef5b89a47c64fbb841c442d147fb, type: 3}
      propertyPath: m_LocalEulerAnglesHint.y
      value: -7.497419
      objectReference: {fileID: 0}
    - target: {fileID: 400164, guid: 86d9ef5b89a47c64fbb841c442d147fb, type: 3}
      propertyPath: m_LocalEulerAnglesHint.z
      value: 22.798609
      objectReference: {fileID: 0}
    - target: {fileID: 400040, guid: 86d9ef5b89a47c64fbb841c442d147fb, type: 3}
      propertyPath: m_LocalEulerAnglesHint.x
      value: -69.26574
      objectReference: {fileID: 0}
    - target: {fileID: 400040, guid: 86d9ef5b89a47c64fbb841c442d147fb, type: 3}
      propertyPath: m_LocalEulerAnglesHint.y
      value: -96.94016
      objectReference: {fileID: 0}
    - target: {fileID: 400040, guid: 86d9ef5b89a47c64fbb841c442d147fb, type: 3}
      propertyPath: m_LocalEulerAnglesHint.z
      value: 106.832825
      objectReference: {fileID: 0}
    - target: {fileID: 400194, guid: 86d9ef5b89a47c64fbb841c442d147fb, type: 3}
      propertyPath: m_LocalEulerAnglesHint.x
      value: -59.236847
      objectReference: {fileID: 0}
    - target: {fileID: 400194, guid: 86d9ef5b89a47c64fbb841c442d147fb, type: 3}
      propertyPath: m_LocalEulerAnglesHint.y
      value: -79.8646
      objectReference: {fileID: 0}
    - target: {fileID: 400194, guid: 86d9ef5b89a47c64fbb841c442d147fb, type: 3}
      propertyPath: m_LocalEulerAnglesHint.z
      value: -21.640171
      objectReference: {fileID: 0}
    - target: {fileID: 400116, guid: 86d9ef5b89a47c64fbb841c442d147fb, type: 3}
      propertyPath: m_LocalEulerAnglesHint.x
      value: -24.458086
      objectReference: {fileID: 0}
    - target: {fileID: 400116, guid: 86d9ef5b89a47c64fbb841c442d147fb, type: 3}
      propertyPath: m_LocalEulerAnglesHint.y
      value: 35.073975
      objectReference: {fileID: 0}
    - target: {fileID: 400116, guid: 86d9ef5b89a47c64fbb841c442d147fb, type: 3}
      propertyPath: m_LocalEulerAnglesHint.z
      value: -31.595877
      objectReference: {fileID: 0}
    - target: {fileID: 400162, guid: 86d9ef5b89a47c64fbb841c442d147fb, type: 3}
      propertyPath: m_LocalEulerAnglesHint.x
      value: -0.000022910432
      objectReference: {fileID: 0}
    - target: {fileID: 400162, guid: 86d9ef5b89a47c64fbb841c442d147fb, type: 3}
      propertyPath: m_LocalEulerAnglesHint.y
      value: -89.56897
      objectReference: {fileID: 0}
    - target: {fileID: 400162, guid: 86d9ef5b89a47c64fbb841c442d147fb, type: 3}
      propertyPath: m_LocalEulerAnglesHint.z
      value: -0.00009807782
      objectReference: {fileID: 0}
    - target: {fileID: 400014, guid: 86d9ef5b89a47c64fbb841c442d147fb, type: 3}
      propertyPath: m_LocalEulerAnglesHint.x
      value: -7.202271
      objectReference: {fileID: 0}
    - target: {fileID: 400014, guid: 86d9ef5b89a47c64fbb841c442d147fb, type: 3}
      propertyPath: m_LocalEulerAnglesHint.y
      value: -11.826555
      objectReference: {fileID: 0}
    - target: {fileID: 400014, guid: 86d9ef5b89a47c64fbb841c442d147fb, type: 3}
      propertyPath: m_LocalEulerAnglesHint.z
      value: -0.8650859
      objectReference: {fileID: 0}
    - target: {fileID: 400062, guid: 86d9ef5b89a47c64fbb841c442d147fb, type: 3}
      propertyPath: m_LocalEulerAnglesHint.x
      value: -0.54676634
      objectReference: {fileID: 0}
    - target: {fileID: 400062, guid: 86d9ef5b89a47c64fbb841c442d147fb, type: 3}
      propertyPath: m_LocalEulerAnglesHint.y
      value: 164.81262
      objectReference: {fileID: 0}
    - target: {fileID: 400062, guid: 86d9ef5b89a47c64fbb841c442d147fb, type: 3}
      propertyPath: m_LocalEulerAnglesHint.z
      value: 167.9999
      objectReference: {fileID: 0}
    - target: {fileID: 400110, guid: 86d9ef5b89a47c64fbb841c442d147fb, type: 3}
      propertyPath: m_LocalEulerAnglesHint.x
      value: -27.81572
      objectReference: {fileID: 0}
    - target: {fileID: 400110, guid: 86d9ef5b89a47c64fbb841c442d147fb, type: 3}
      propertyPath: m_LocalEulerAnglesHint.y
      value: 24.534578
      objectReference: {fileID: 0}
    - target: {fileID: 400110, guid: 86d9ef5b89a47c64fbb841c442d147fb, type: 3}
      propertyPath: m_LocalEulerAnglesHint.z
      value: -28.374289
      objectReference: {fileID: 0}
    - target: {fileID: 400156, guid: 86d9ef5b89a47c64fbb841c442d147fb, type: 3}
      propertyPath: m_LocalEulerAnglesHint.x
      value: 11.438459
      objectReference: {fileID: 0}
    - target: {fileID: 400156, guid: 86d9ef5b89a47c64fbb841c442d147fb, type: 3}
      propertyPath: m_LocalEulerAnglesHint.y
      value: 28.21288
      objectReference: {fileID: 0}
    - target: {fileID: 400156, guid: 86d9ef5b89a47c64fbb841c442d147fb, type: 3}
      propertyPath: m_LocalEulerAnglesHint.z
      value: 6.576094
      objectReference: {fileID: 0}
    - target: {fileID: 400056, guid: 86d9ef5b89a47c64fbb841c442d147fb, type: 3}
      propertyPath: m_LocalEulerAnglesHint.x
      value: -8.601832
      objectReference: {fileID: 0}
    - target: {fileID: 400056, guid: 86d9ef5b89a47c64fbb841c442d147fb, type: 3}
      propertyPath: m_LocalEulerAnglesHint.y
      value: 155.52763
      objectReference: {fileID: 0}
    - target: {fileID: 400056, guid: 86d9ef5b89a47c64fbb841c442d147fb, type: 3}
      propertyPath: m_LocalEulerAnglesHint.z
      value: 152.73795
      objectReference: {fileID: 0}
    - target: {fileID: 400138, guid: 86d9ef5b89a47c64fbb841c442d147fb, type: 3}
      propertyPath: m_LocalEulerAnglesHint.x
      value: 5.6021466
      objectReference: {fileID: 0}
    - target: {fileID: 400138, guid: 86d9ef5b89a47c64fbb841c442d147fb, type: 3}
      propertyPath: m_LocalEulerAnglesHint.y
      value: -21.959913
      objectReference: {fileID: 0}
    - target: {fileID: 400138, guid: 86d9ef5b89a47c64fbb841c442d147fb, type: 3}
      propertyPath: m_LocalEulerAnglesHint.z
      value: 8.965128
      objectReference: {fileID: 0}
    - target: {fileID: 400152, guid: 86d9ef5b89a47c64fbb841c442d147fb, type: 3}
      propertyPath: m_LocalEulerAnglesHint.x
      value: -0.000008651422
      objectReference: {fileID: 0}
    - target: {fileID: 400152, guid: 86d9ef5b89a47c64fbb841c442d147fb, type: 3}
      propertyPath: m_LocalEulerAnglesHint.y
      value: 180
      objectReference: {fileID: 0}
    - target: {fileID: 400152, guid: 86d9ef5b89a47c64fbb841c442d147fb, type: 3}
      propertyPath: m_LocalEulerAnglesHint.z
      value: 0.000008651422
      objectReference: {fileID: 0}
    - target: {fileID: 400188, guid: 86d9ef5b89a47c64fbb841c442d147fb, type: 3}
      propertyPath: m_LocalEulerAnglesHint.x
      value: 27.7344
      objectReference: {fileID: 0}
    - target: {fileID: 400188, guid: 86d9ef5b89a47c64fbb841c442d147fb, type: 3}
      propertyPath: m_LocalEulerAnglesHint.y
      value: 44.282635
      objectReference: {fileID: 0}
    - target: {fileID: 400188, guid: 86d9ef5b89a47c64fbb841c442d147fb, type: 3}
      propertyPath: m_LocalEulerAnglesHint.z
      value: 41.47084
      objectReference: {fileID: 0}
    - target: {fileID: 400126, guid: 86d9ef5b89a47c64fbb841c442d147fb, type: 3}
      propertyPath: m_LocalEulerAnglesHint.x
      value: -5.5094438
      objectReference: {fileID: 0}
    - target: {fileID: 400126, guid: 86d9ef5b89a47c64fbb841c442d147fb, type: 3}
      propertyPath: m_LocalEulerAnglesHint.y
      value: 7.227338
      objectReference: {fileID: 0}
    - target: {fileID: 400126, guid: 86d9ef5b89a47c64fbb841c442d147fb, type: 3}
      propertyPath: m_LocalEulerAnglesHint.z
      value: -1.8926483
      objectReference: {fileID: 0}
    - target: {fileID: 400160, guid: 86d9ef5b89a47c64fbb841c442d147fb, type: 3}
      propertyPath: m_LocalEulerAnglesHint.x
      value: -1.1174854
      objectReference: {fileID: 0}
    - target: {fileID: 400160, guid: 86d9ef5b89a47c64fbb841c442d147fb, type: 3}
      propertyPath: m_LocalEulerAnglesHint.y
      value: -99.99543
      objectReference: {fileID: 0}
    - target: {fileID: 400160, guid: 86d9ef5b89a47c64fbb841c442d147fb, type: 3}
      propertyPath: m_LocalEulerAnglesHint.z
      value: -180
      objectReference: {fileID: 0}
    - target: {fileID: 400104, guid: 86d9ef5b89a47c64fbb841c442d147fb, type: 3}
      propertyPath: m_LocalEulerAnglesHint.x
      value: -38.11947
      objectReference: {fileID: 0}
    - target: {fileID: 400104, guid: 86d9ef5b89a47c64fbb841c442d147fb, type: 3}
      propertyPath: m_LocalEulerAnglesHint.y
      value: 21.947222
      objectReference: {fileID: 0}
    - target: {fileID: 400104, guid: 86d9ef5b89a47c64fbb841c442d147fb, type: 3}
      propertyPath: m_LocalEulerAnglesHint.z
      value: -35.28552
      objectReference: {fileID: 0}
    - target: {fileID: 400114, guid: 86d9ef5b89a47c64fbb841c442d147fb, type: 3}
      propertyPath: m_LocalEulerAnglesHint.x
      value: -5.141342
      objectReference: {fileID: 0}
    - target: {fileID: 400114, guid: 86d9ef5b89a47c64fbb841c442d147fb, type: 3}
      propertyPath: m_LocalEulerAnglesHint.y
      value: 6.0115495
      objectReference: {fileID: 0}
    - target: {fileID: 400114, guid: 86d9ef5b89a47c64fbb841c442d147fb, type: 3}
      propertyPath: m_LocalEulerAnglesHint.z
      value: -1.4518391
      objectReference: {fileID: 0}
    - target: {fileID: 400058, guid: 86d9ef5b89a47c64fbb841c442d147fb, type: 3}
      propertyPath: m_LocalEulerAnglesHint.x
      value: 73.43583
      objectReference: {fileID: 0}
    - target: {fileID: 400058, guid: 86d9ef5b89a47c64fbb841c442d147fb, type: 3}
      propertyPath: m_LocalEulerAnglesHint.y
      value: 87.139595
      objectReference: {fileID: 0}
    - target: {fileID: 400058, guid: 86d9ef5b89a47c64fbb841c442d147fb, type: 3}
      propertyPath: m_LocalEulerAnglesHint.z
      value: -94.41157
      objectReference: {fileID: 0}
    - target: {fileID: 400170, guid: 86d9ef5b89a47c64fbb841c442d147fb, type: 3}
      propertyPath: m_LocalEulerAnglesHint.x
      value: 38.119473
      objectReference: {fileID: 0}
    - target: {fileID: 400170, guid: 86d9ef5b89a47c64fbb841c442d147fb, type: 3}
      propertyPath: m_LocalEulerAnglesHint.y
      value: 21.947218
      objectReference: {fileID: 0}
    - target: {fileID: 400170, guid: 86d9ef5b89a47c64fbb841c442d147fb, type: 3}
      propertyPath: m_LocalEulerAnglesHint.z
      value: 35.28552
      objectReference: {fileID: 0}
    - target: {fileID: 400136, guid: 86d9ef5b89a47c64fbb841c442d147fb, type: 3}
      propertyPath: m_LocalEulerAnglesHint.x
      value: 0.9367557
      objectReference: {fileID: 0}
    - target: {fileID: 400136, guid: 86d9ef5b89a47c64fbb841c442d147fb, type: 3}
      propertyPath: m_LocalEulerAnglesHint.y
      value: -174.15675
      objectReference: {fileID: 0}
    - target: {fileID: 400136, guid: 86d9ef5b89a47c64fbb841c442d147fb, type: 3}
      propertyPath: m_LocalEulerAnglesHint.z
      value: -3.299533
      objectReference: {fileID: 0}
    - target: {fileID: 400068, guid: 86d9ef5b89a47c64fbb841c442d147fb, type: 3}
      propertyPath: m_LocalEulerAnglesHint.x
      value: 2.569825
      objectReference: {fileID: 0}
    - target: {fileID: 400068, guid: 86d9ef5b89a47c64fbb841c442d147fb, type: 3}
      propertyPath: m_LocalEulerAnglesHint.y
      value: 146.07196
      objectReference: {fileID: 0}
    - target: {fileID: 400068, guid: 86d9ef5b89a47c64fbb841c442d147fb, type: 3}
      propertyPath: m_LocalEulerAnglesHint.z
      value: -170.35144
      objectReference: {fileID: 0}
    - target: {fileID: 400168, guid: 86d9ef5b89a47c64fbb841c442d147fb, type: 3}
      propertyPath: m_LocalEulerAnglesHint.x
      value: 1.45179
      objectReference: {fileID: 0}
    - target: {fileID: 400168, guid: 86d9ef5b89a47c64fbb841c442d147fb, type: 3}
      propertyPath: m_LocalEulerAnglesHint.y
      value: 12.755443
      objectReference: {fileID: 0}
    - target: {fileID: 400168, guid: 86d9ef5b89a47c64fbb841c442d147fb, type: 3}
      propertyPath: m_LocalEulerAnglesHint.z
      value: -3.0511332
      objectReference: {fileID: 0}
    - target: {fileID: 400050, guid: 86d9ef5b89a47c64fbb841c442d147fb, type: 3}
      propertyPath: m_LocalEulerAnglesHint.x
      value: 11.172191
      objectReference: {fileID: 0}
    - target: {fileID: 400050, guid: 86d9ef5b89a47c64fbb841c442d147fb, type: 3}
      propertyPath: m_LocalEulerAnglesHint.y
      value: -157.65742
      objectReference: {fileID: 0}
    - target: {fileID: 400050, guid: 86d9ef5b89a47c64fbb841c442d147fb, type: 3}
      propertyPath: m_LocalEulerAnglesHint.z
      value: 137.32101
      objectReference: {fileID: 0}
    - target: {fileID: 400218, guid: 86d9ef5b89a47c64fbb841c442d147fb, type: 3}
      propertyPath: m_LocalEulerAnglesHint.x
      value: -0.000008651422
      objectReference: {fileID: 0}
    - target: {fileID: 400218, guid: 86d9ef5b89a47c64fbb841c442d147fb, type: 3}
      propertyPath: m_LocalEulerAnglesHint.y
      value: 180
      objectReference: {fileID: 0}
    - target: {fileID: 400218, guid: 86d9ef5b89a47c64fbb841c442d147fb, type: 3}
      propertyPath: m_LocalEulerAnglesHint.z
      value: 0.000008651422
      objectReference: {fileID: 0}
    - target: {fileID: 400032, guid: 86d9ef5b89a47c64fbb841c442d147fb, type: 3}
      propertyPath: m_LocalEulerAnglesHint.x
      value: 83.33808
      objectReference: {fileID: 0}
    - target: {fileID: 400032, guid: 86d9ef5b89a47c64fbb841c442d147fb, type: 3}
      propertyPath: m_LocalEulerAnglesHint.y
      value: 0.94173694
      objectReference: {fileID: 0}
    - target: {fileID: 400032, guid: 86d9ef5b89a47c64fbb841c442d147fb, type: 3}
      propertyPath: m_LocalEulerAnglesHint.z
      value: 157.45105
      objectReference: {fileID: 0}
    - target: {fileID: 400098, guid: 86d9ef5b89a47c64fbb841c442d147fb, type: 3}
      propertyPath: m_LocalEulerAnglesHint.x
      value: -47.458458
      objectReference: {fileID: 0}
    - target: {fileID: 400098, guid: 86d9ef5b89a47c64fbb841c442d147fb, type: 3}
      propertyPath: m_LocalEulerAnglesHint.y
      value: -7.4974136
      objectReference: {fileID: 0}
    - target: {fileID: 400098, guid: 86d9ef5b89a47c64fbb841c442d147fb, type: 3}
      propertyPath: m_LocalEulerAnglesHint.z
      value: -22.798609
      objectReference: {fileID: 0}
    - target: {fileID: 400078, guid: 86d9ef5b89a47c64fbb841c442d147fb, type: 3}
      propertyPath: m_LocalEulerAnglesHint.x
      value: -71.52873
      objectReference: {fileID: 0}
    - target: {fileID: 400078, guid: 86d9ef5b89a47c64fbb841c442d147fb, type: 3}
      propertyPath: m_LocalEulerAnglesHint.y
      value: 171.44014
      objectReference: {fileID: 0}
    - target: {fileID: 400078, guid: 86d9ef5b89a47c64fbb841c442d147fb, type: 3}
      propertyPath: m_LocalEulerAnglesHint.z
      value: 175.84735
      objectReference: {fileID: 0}
    - target: {fileID: 400182, guid: 86d9ef5b89a47c64fbb841c442d147fb, type: 3}
      propertyPath: m_LocalEulerAnglesHint.x
      value: 24.458086
      objectReference: {fileID: 0}
    - target: {fileID: 400182, guid: 86d9ef5b89a47c64fbb841c442d147fb, type: 3}
      propertyPath: m_LocalEulerAnglesHint.y
      value: 35.073975
      objectReference: {fileID: 0}
    - target: {fileID: 400182, guid: 86d9ef5b89a47c64fbb841c442d147fb, type: 3}
      propertyPath: m_LocalEulerAnglesHint.z
      value: 31.595877
      objectReference: {fileID: 0}
    - target: {fileID: 400034, guid: 86d9ef5b89a47c64fbb841c442d147fb, type: 3}
      propertyPath: m_LocalEulerAnglesHint.x
      value: -67.682396
      objectReference: {fileID: 0}
    - target: {fileID: 400034, guid: 86d9ef5b89a47c64fbb841c442d147fb, type: 3}
      propertyPath: m_LocalEulerAnglesHint.y
      value: -111.08665
      objectReference: {fileID: 0}
    - target: {fileID: 400034, guid: 86d9ef5b89a47c64fbb841c442d147fb, type: 3}
      propertyPath: m_LocalEulerAnglesHint.z
      value: 118.55465
      objectReference: {fileID: 0}
    - target: {fileID: 400100, guid: 86d9ef5b89a47c64fbb841c442d147fb, type: 3}
      propertyPath: m_LocalEulerAnglesHint.x
      value: 6.084335
      objectReference: {fileID: 0}
    - target: {fileID: 400100, guid: 86d9ef5b89a47c64fbb841c442d147fb, type: 3}
      propertyPath: m_LocalEulerAnglesHint.y
      value: 11.405686
      objectReference: {fileID: 0}
    - target: {fileID: 400100, guid: 86d9ef5b89a47c64fbb841c442d147fb, type: 3}
      propertyPath: m_LocalEulerAnglesHint.z
      value: 7.512027
      objectReference: {fileID: 0}
    - target: {fileID: 400060, guid: 86d9ef5b89a47c64fbb841c442d147fb, type: 3}
      propertyPath: m_LocalEulerAnglesHint.x
      value: -67.91015
      objectReference: {fileID: 0}
    - target: {fileID: 400060, guid: 86d9ef5b89a47c64fbb841c442d147fb, type: 3}
      propertyPath: m_LocalEulerAnglesHint.y
      value: -86.15959
      objectReference: {fileID: 0}
    - target: {fileID: 400060, guid: 86d9ef5b89a47c64fbb841c442d147fb, type: 3}
      propertyPath: m_LocalEulerAnglesHint.z
      value: 106.89959
      objectReference: {fileID: 0}
    - target: {fileID: 400096, guid: 86d9ef5b89a47c64fbb841c442d147fb, type: 3}
      propertyPath: m_LocalEulerAnglesHint.x
      value: -0.000021371932
      objectReference: {fileID: 0}
    - target: {fileID: 400096, guid: 86d9ef5b89a47c64fbb841c442d147fb, type: 3}
      propertyPath: m_LocalEulerAnglesHint.y
      value: -89.56897
      objectReference: {fileID: 0}
    - target: {fileID: 400096, guid: 86d9ef5b89a47c64fbb841c442d147fb, type: 3}
      propertyPath: m_LocalEulerAnglesHint.z
      value: -0.00009806449
      objectReference: {fileID: 0}
    - target: {fileID: 400148, guid: 86d9ef5b89a47c64fbb841c442d147fb, type: 3}
      propertyPath: m_LocalEulerAnglesHint.x
      value: -68.61118
      objectReference: {fileID: 0}
    - target: {fileID: 400148, guid: 86d9ef5b89a47c64fbb841c442d147fb, type: 3}
      propertyPath: m_LocalEulerAnglesHint.y
      value: -19.061853
      objectReference: {fileID: 0}
    - target: {fileID: 400148, guid: 86d9ef5b89a47c64fbb841c442d147fb, type: 3}
      propertyPath: m_LocalEulerAnglesHint.z
      value: 9.339089
      objectReference: {fileID: 0}
    - target: {fileID: 400166, guid: 86d9ef5b89a47c64fbb841c442d147fb, type: 3}
      propertyPath: m_LocalEulerAnglesHint.x
      value: -6.0843296
      objectReference: {fileID: 0}
    - target: {fileID: 400166, guid: 86d9ef5b89a47c64fbb841c442d147fb, type: 3}
      propertyPath: m_LocalEulerAnglesHint.y
      value: 11.405687
      objectReference: {fileID: 0}
    - target: {fileID: 400166, guid: 86d9ef5b89a47c64fbb841c442d147fb, type: 3}
      propertyPath: m_LocalEulerAnglesHint.z
      value: -7.5120277
      objectReference: {fileID: 0}
    - target: {fileID: 400174, guid: 86d9ef5b89a47c64fbb841c442d147fb, type: 3}
      propertyPath: m_LocalEulerAnglesHint.x
      value: 6.056617
      objectReference: {fileID: 0}
    - target: {fileID: 400174, guid: 86d9ef5b89a47c64fbb841c442d147fb, type: 3}
      propertyPath: m_LocalEulerAnglesHint.y
      value: 0.8147781
      objectReference: {fileID: 0}
    - target: {fileID: 400174, guid: 86d9ef5b89a47c64fbb841c442d147fb, type: 3}
      propertyPath: m_LocalEulerAnglesHint.z
      value: 4.7571
      objectReference: {fileID: 0}
    - target: {fileID: 400094, guid: 86d9ef5b89a47c64fbb841c442d147fb, type: 3}
      propertyPath: m_LocalEulerAnglesHint.x
      value: -1.1174896
      objectReference: {fileID: 0}
    - target: {fileID: 400094, guid: 86d9ef5b89a47c64fbb841c442d147fb, type: 3}
      propertyPath: m_LocalEulerAnglesHint.y
      value: -99.99543
      objectReference: {fileID: 0}
    - target: {fileID: 400094, guid: 86d9ef5b89a47c64fbb841c442d147fb, type: 3}
      propertyPath: m_LocalEulerAnglesHint.z
      value: -179.99998
      objectReference: {fileID: 0}
    - target: {fileID: 400178, guid: 86d9ef5b89a47c64fbb841c442d147fb, type: 3}
      propertyPath: m_LocalEulerAnglesHint.x
      value: 16.416302
      objectReference: {fileID: 0}
    - target: {fileID: 400178, guid: 86d9ef5b89a47c64fbb841c442d147fb, type: 3}
      propertyPath: m_LocalEulerAnglesHint.y
      value: 6.7661934
      objectReference: {fileID: 0}
    - target: {fileID: 400178, guid: 86d9ef5b89a47c64fbb841c442d147fb, type: 3}
      propertyPath: m_LocalEulerAnglesHint.z
      value: 13.5044365
      objectReference: {fileID: 0}
    - target: {fileID: 400214, guid: 86d9ef5b89a47c64fbb841c442d147fb, type: 3}
      propertyPath: m_LocalEulerAnglesHint.x
      value: 68.6112
      objectReference: {fileID: 0}
    - target: {fileID: 400214, guid: 86d9ef5b89a47c64fbb841c442d147fb, type: 3}
      propertyPath: m_LocalEulerAnglesHint.y
      value: -19.061874
      objectReference: {fileID: 0}
    - target: {fileID: 400214, guid: 86d9ef5b89a47c64fbb841c442d147fb, type: 3}
      propertyPath: m_LocalEulerAnglesHint.z
      value: -9.339099
      objectReference: {fileID: 0}
    - target: {fileID: 400184, guid: 86d9ef5b89a47c64fbb841c442d147fb, type: 3}
      propertyPath: m_LocalEulerAnglesHint.x
      value: 22.440939
      objectReference: {fileID: 0}
    - target: {fileID: 400184, guid: 86d9ef5b89a47c64fbb841c442d147fb, type: 3}
      propertyPath: m_LocalEulerAnglesHint.y
      value: 13.70265
      objectReference: {fileID: 0}
    - target: {fileID: 400184, guid: 86d9ef5b89a47c64fbb841c442d147fb, type: 3}
      propertyPath: m_LocalEulerAnglesHint.z
      value: 24.441391
      objectReference: {fileID: 0}
    - target: {fileID: 400102, guid: 86d9ef5b89a47c64fbb841c442d147fb, type: 3}
      propertyPath: m_LocalEulerAnglesHint.x
      value: -1.4517878
      objectReference: {fileID: 0}
    - target: {fileID: 400102, guid: 86d9ef5b89a47c64fbb841c442d147fb, type: 3}
      propertyPath: m_LocalEulerAnglesHint.y
      value: 12.755443
      objectReference: {fileID: 0}
    - target: {fileID: 400102, guid: 86d9ef5b89a47c64fbb841c442d147fb, type: 3}
      propertyPath: m_LocalEulerAnglesHint.z
      value: 3.0511274
      objectReference: {fileID: 0}
    - target: {fileID: 400212, guid: 86d9ef5b89a47c64fbb841c442d147fb, type: 3}
      propertyPath: m_LocalEulerAnglesHint.x
      value: -0.000015258788
      objectReference: {fileID: 0}
    - target: {fileID: 400212, guid: 86d9ef5b89a47c64fbb841c442d147fb, type: 3}
      propertyPath: m_LocalEulerAnglesHint.y
      value: 180
      objectReference: {fileID: 0}
    - target: {fileID: 400212, guid: 86d9ef5b89a47c64fbb841c442d147fb, type: 3}
      propertyPath: m_LocalEulerAnglesHint.z
      value: -179.99998
      objectReference: {fileID: 0}
    - target: {fileID: 400088, guid: 86d9ef5b89a47c64fbb841c442d147fb, type: 3}
      propertyPath: m_LocalEulerAnglesHint.x
      value: 0.000000028197165
      objectReference: {fileID: 0}
    - target: {fileID: 400088, guid: 86d9ef5b89a47c64fbb841c442d147fb, type: 3}
      propertyPath: m_LocalEulerAnglesHint.y
      value: 8.117579
      objectReference: {fileID: 0}
    - target: {fileID: 400088, guid: 86d9ef5b89a47c64fbb841c442d147fb, type: 3}
      propertyPath: m_LocalEulerAnglesHint.z
      value: 0.00000074705196
      objectReference: {fileID: 0}
    - target: {fileID: 400192, guid: 86d9ef5b89a47c64fbb841c442d147fb, type: 3}
      propertyPath: m_LocalEulerAnglesHint.x
      value: 5.5094457
      objectReference: {fileID: 0}
    - target: {fileID: 400192, guid: 86d9ef5b89a47c64fbb841c442d147fb, type: 3}
      propertyPath: m_LocalEulerAnglesHint.y
      value: 7.227337
      objectReference: {fileID: 0}
    - target: {fileID: 400192, guid: 86d9ef5b89a47c64fbb841c442d147fb, type: 3}
      propertyPath: m_LocalEulerAnglesHint.z
      value: 1.89264
      objectReference: {fileID: 0}
    - target: {fileID: 400084, guid: 86d9ef5b89a47c64fbb841c442d147fb, type: 3}
      propertyPath: m_LocalEulerAnglesHint.x
      value: -69.76204
      objectReference: {fileID: 0}
    - target: {fileID: 400084, guid: 86d9ef5b89a47c64fbb841c442d147fb, type: 3}
      propertyPath: m_LocalEulerAnglesHint.y
      value: 162.7228
      objectReference: {fileID: 0}
    - target: {fileID: 400084, guid: 86d9ef5b89a47c64fbb841c442d147fb, type: 3}
      propertyPath: m_LocalEulerAnglesHint.z
      value: -160.09567
      objectReference: {fileID: 0}
    - target: {fileID: 400180, guid: 86d9ef5b89a47c64fbb841c442d147fb, type: 3}
      propertyPath: m_LocalEulerAnglesHint.x
      value: 5.141339
      objectReference: {fileID: 0}
    - target: {fileID: 400180, guid: 86d9ef5b89a47c64fbb841c442d147fb, type: 3}
      propertyPath: m_LocalEulerAnglesHint.y
      value: 6.011543
      objectReference: {fileID: 0}
    - target: {fileID: 400180, guid: 86d9ef5b89a47c64fbb841c442d147fb, type: 3}
      propertyPath: m_LocalEulerAnglesHint.z
      value: 1.4518554
      objectReference: {fileID: 0}
    - target: {fileID: 400064, guid: 86d9ef5b89a47c64fbb841c442d147fb, type: 3}
      propertyPath: m_LocalEulerAnglesHint.x
      value: 63.592922
      objectReference: {fileID: 0}
    - target: {fileID: 400064, guid: 86d9ef5b89a47c64fbb841c442d147fb, type: 3}
      propertyPath: m_LocalEulerAnglesHint.y
      value: 86.25691
      objectReference: {fileID: 0}
    - target: {fileID: 400064, guid: 86d9ef5b89a47c64fbb841c442d147fb, type: 3}
      propertyPath: m_LocalEulerAnglesHint.z
      value: -95.18714
      objectReference: {fileID: 0}
    - target: {fileID: 400072, guid: 86d9ef5b89a47c64fbb841c442d147fb, type: 3}
      propertyPath: m_LocalEulerAnglesHint.x
      value: 57.400387
      objectReference: {fileID: 0}
    - target: {fileID: 400072, guid: 86d9ef5b89a47c64fbb841c442d147fb, type: 3}
      propertyPath: m_LocalEulerAnglesHint.y
      value: 87.49156
      objectReference: {fileID: 0}
    - target: {fileID: 400072, guid: 86d9ef5b89a47c64fbb841c442d147fb, type: 3}
      propertyPath: m_LocalEulerAnglesHint.z
      value: -71.82082
      objectReference: {fileID: 0}
    - target: {fileID: 400028, guid: 86d9ef5b89a47c64fbb841c442d147fb, type: 3}
      propertyPath: m_LocalEulerAnglesHint.x
      value: -67.167694
      objectReference: {fileID: 0}
    - target: {fileID: 400028, guid: 86d9ef5b89a47c64fbb841c442d147fb, type: 3}
      propertyPath: m_LocalEulerAnglesHint.y
      value: -129.83257
      objectReference: {fileID: 0}
    - target: {fileID: 400028, guid: 86d9ef5b89a47c64fbb841c442d147fb, type: 3}
      propertyPath: m_LocalEulerAnglesHint.z
      value: 119.30279
      objectReference: {fileID: 0}
    - target: {fileID: 400082, guid: 86d9ef5b89a47c64fbb841c442d147fb, type: 3}
      propertyPath: m_LocalEulerAnglesHint.x
      value: 62.75527
      objectReference: {fileID: 0}
    - target: {fileID: 400082, guid: 86d9ef5b89a47c64fbb841c442d147fb, type: 3}
      propertyPath: m_LocalEulerAnglesHint.y
      value: -40.36105
      objectReference: {fileID: 0}
    - target: {fileID: 400082, guid: 86d9ef5b89a47c64fbb841c442d147fb, type: 3}
      propertyPath: m_LocalEulerAnglesHint.z
      value: 140.95161
      objectReference: {fileID: 0}
    - target: {fileID: 400196, guid: 86d9ef5b89a47c64fbb841c442d147fb, type: 3}
      propertyPath: m_LocalEulerAnglesHint.x
      value: 22.409613
      objectReference: {fileID: 0}
    - target: {fileID: 400196, guid: 86d9ef5b89a47c64fbb841c442d147fb, type: 3}
      propertyPath: m_LocalEulerAnglesHint.y
      value: -6.848923
      objectReference: {fileID: 0}
    - target: {fileID: 400196, guid: 86d9ef5b89a47c64fbb841c442d147fb, type: 3}
      propertyPath: m_LocalEulerAnglesHint.z
      value: 2.888137
      objectReference: {fileID: 0}
    - target: {fileID: 400108, guid: 86d9ef5b89a47c64fbb841c442d147fb, type: 3}
      propertyPath: m_LocalEulerAnglesHint.x
      value: -6.056598
      objectReference: {fileID: 0}
    - target: {fileID: 400108, guid: 86d9ef5b89a47c64fbb841c442d147fb, type: 3}
      propertyPath: m_LocalEulerAnglesHint.y
      value: 0.81478417
      objectReference: {fileID: 0}
    - target: {fileID: 400108, guid: 86d9ef5b89a47c64fbb841c442d147fb, type: 3}
      propertyPath: m_LocalEulerAnglesHint.z
      value: -4.757049
      objectReference: {fileID: 0}
    - target: {fileID: 400076, guid: 86d9ef5b89a47c64fbb841c442d147fb, type: 3}
      propertyPath: m_LocalEulerAnglesHint.x
      value: 59.723812
      objectReference: {fileID: 0}
    - target: {fileID: 400076, guid: 86d9ef5b89a47c64fbb841c442d147fb, type: 3}
      propertyPath: m_LocalEulerAnglesHint.y
      value: -46.365406
      objectReference: {fileID: 0}
    - target: {fileID: 400076, guid: 86d9ef5b89a47c64fbb841c442d147fb, type: 3}
      propertyPath: m_LocalEulerAnglesHint.z
      value: 128.11234
      objectReference: {fileID: 0}
    - target: {fileID: 400210, guid: 86d9ef5b89a47c64fbb841c442d147fb, type: 3}
      propertyPath: m_LocalEulerAnglesHint.x
      value: 4.019513
      objectReference: {fileID: 0}
    - target: {fileID: 400210, guid: 86d9ef5b89a47c64fbb841c442d147fb, type: 3}
      propertyPath: m_LocalEulerAnglesHint.y
      value: 164.7511
      objectReference: {fileID: 0}
    - target: {fileID: 400210, guid: 86d9ef5b89a47c64fbb841c442d147fb, type: 3}
      propertyPath: m_LocalEulerAnglesHint.z
      value: -6.7418256
      objectReference: {fileID: 0}
    - target: {fileID: 400074, guid: 86d9ef5b89a47c64fbb841c442d147fb, type: 3}
      propertyPath: m_LocalEulerAnglesHint.x
      value: -82.88514
      objectReference: {fileID: 0}
    - target: {fileID: 400074, guid: 86d9ef5b89a47c64fbb841c442d147fb, type: 3}
      propertyPath: m_LocalEulerAnglesHint.y
      value: 115.26827
      objectReference: {fileID: 0}
    - target: {fileID: 400074, guid: 86d9ef5b89a47c64fbb841c442d147fb, type: 3}
      propertyPath: m_LocalEulerAnglesHint.z
      value: -84.472565
      objectReference: {fileID: 0}
    - target: {fileID: 400202, guid: 86d9ef5b89a47c64fbb841c442d147fb, type: 3}
      propertyPath: m_LocalEulerAnglesHint.x
      value: -1.1776068
      objectReference: {fileID: 0}
    - target: {fileID: 400202, guid: 86d9ef5b89a47c64fbb841c442d147fb, type: 3}
      propertyPath: m_LocalEulerAnglesHint.y
      value: -174.82008
      objectReference: {fileID: 0}
    - target: {fileID: 400202, guid: 86d9ef5b89a47c64fbb841c442d147fb, type: 3}
      propertyPath: m_LocalEulerAnglesHint.z
      value: 12.773283
      objectReference: {fileID: 0}
    - target: {fileID: 400036, guid: 86d9ef5b89a47c64fbb841c442d147fb, type: 3}
      propertyPath: m_LocalEulerAnglesHint.x
      value: 15.427688
      objectReference: {fileID: 0}
    - target: {fileID: 400036, guid: 86d9ef5b89a47c64fbb841c442d147fb, type: 3}
      propertyPath: m_LocalEulerAnglesHint.y
      value: 152.91795
      objectReference: {fileID: 0}
    - target: {fileID: 400036, guid: 86d9ef5b89a47c64fbb841c442d147fb, type: 3}
      propertyPath: m_LocalEulerAnglesHint.z
      value: -156.34378
      objectReference: {fileID: 0}
    - target: {fileID: 400144, guid: 86d9ef5b89a47c64fbb841c442d147fb, type: 3}
      propertyPath: m_LocalEulerAnglesHint.x
      value: -1.6374598
      objectReference: {fileID: 0}
    - target: {fileID: 400144, guid: 86d9ef5b89a47c64fbb841c442d147fb, type: 3}
      propertyPath: m_LocalEulerAnglesHint.y
      value: 151.86247
      objectReference: {fileID: 0}
    - target: {fileID: 400144, guid: 86d9ef5b89a47c64fbb841c442d147fb, type: 3}
      propertyPath: m_LocalEulerAnglesHint.z
      value: 8.960064
      objectReference: {fileID: 0}
    - target: {fileID: 400090, guid: 86d9ef5b89a47c64fbb841c442d147fb, type: 3}
      propertyPath: m_LocalEulerAnglesHint.x
      value: 0.000004582361
      objectReference: {fileID: 0}
    - target: {fileID: 400090, guid: 86d9ef5b89a47c64fbb841c442d147fb, type: 3}
      propertyPath: m_LocalEulerAnglesHint.y
      value: -179.99998
      objectReference: {fileID: 0}
    - target: {fileID: 400090, guid: 86d9ef5b89a47c64fbb841c442d147fb, type: 3}
      propertyPath: m_LocalEulerAnglesHint.z
      value: 0.000008644458
      objectReference: {fileID: 0}
    - target: {fileID: 400052, guid: 86d9ef5b89a47c64fbb841c442d147fb, type: 3}
      propertyPath: m_LocalEulerAnglesHint.x
      value: 64.776
      objectReference: {fileID: 0}
    - target: {fileID: 400052, guid: 86d9ef5b89a47c64fbb841c442d147fb, type: 3}
      propertyPath: m_LocalEulerAnglesHint.y
      value: 89.29876
      objectReference: {fileID: 0}
    - target: {fileID: 400052, guid: 86d9ef5b89a47c64fbb841c442d147fb, type: 3}
      propertyPath: m_LocalEulerAnglesHint.z
      value: -88.14198
      objectReference: {fileID: 0}
    - target: {fileID: 400118, guid: 86d9ef5b89a47c64fbb841c442d147fb, type: 3}
      propertyPath: m_LocalEulerAnglesHint.x
      value: -22.44093
      objectReference: {fileID: 0}
    - target: {fileID: 400118, guid: 86d9ef5b89a47c64fbb841c442d147fb, type: 3}
      propertyPath: m_LocalEulerAnglesHint.y
      value: 13.702645
      objectReference: {fileID: 0}
    - target: {fileID: 400118, guid: 86d9ef5b89a47c64fbb841c442d147fb, type: 3}
      propertyPath: m_LocalEulerAnglesHint.z
      value: -24.441381
      objectReference: {fileID: 0}
    - target: {fileID: 400154, guid: 86d9ef5b89a47c64fbb841c442d147fb, type: 3}
      propertyPath: m_LocalEulerAnglesHint.x
      value: 0.0001070056
      objectReference: {fileID: 0}
    - target: {fileID: 400154, guid: 86d9ef5b89a47c64fbb841c442d147fb, type: 3}
      propertyPath: m_LocalEulerAnglesHint.y
      value: 178.55315
      objectReference: {fileID: 0}
    - target: {fileID: 400154, guid: 86d9ef5b89a47c64fbb841c442d147fb, type: 3}
      propertyPath: m_LocalEulerAnglesHint.z
      value: -179.99998
      objectReference: {fileID: 0}
    - target: {fileID: 400132, guid: 86d9ef5b89a47c64fbb841c442d147fb, type: 3}
      propertyPath: m_LocalEulerAnglesHint.x
      value: 26.39167
      objectReference: {fileID: 0}
    - target: {fileID: 400132, guid: 86d9ef5b89a47c64fbb841c442d147fb, type: 3}
      propertyPath: m_LocalEulerAnglesHint.y
      value: 169.0404
      objectReference: {fileID: 0}
    - target: {fileID: 400132, guid: 86d9ef5b89a47c64fbb841c442d147fb, type: 3}
      propertyPath: m_LocalEulerAnglesHint.z
      value: -12.53797
      objectReference: {fileID: 0}
    - target: {fileID: 400026, guid: 86d9ef5b89a47c64fbb841c442d147fb, type: 3}
      propertyPath: m_LocalEulerAnglesHint.x
      value: 64.91119
      objectReference: {fileID: 0}
    - target: {fileID: 400026, guid: 86d9ef5b89a47c64fbb841c442d147fb, type: 3}
      propertyPath: m_LocalEulerAnglesHint.y
      value: -55.428173
      objectReference: {fileID: 0}
    - target: {fileID: 400026, guid: 86d9ef5b89a47c64fbb841c442d147fb, type: 3}
      propertyPath: m_LocalEulerAnglesHint.z
      value: 102.79766
      objectReference: {fileID: 0}
    - target: {fileID: 400000, guid: 86d9ef5b89a47c64fbb841c442d147fb, type: 3}
      propertyPath: m_LocalEulerAnglesHint.x
      value: 4.091235
      objectReference: {fileID: 0}
    - target: {fileID: 400000, guid: 86d9ef5b89a47c64fbb841c442d147fb, type: 3}
      propertyPath: m_LocalEulerAnglesHint.y
      value: -10.367381
      objectReference: {fileID: 0}
    - target: {fileID: 400000, guid: 86d9ef5b89a47c64fbb841c442d147fb, type: 3}
      propertyPath: m_LocalEulerAnglesHint.z
      value: 0.4564676
      objectReference: {fileID: 0}
    - target: {fileID: 400140, guid: 86d9ef5b89a47c64fbb841c442d147fb, type: 3}
      propertyPath: m_LocalEulerAnglesHint.x
      value: -0.000009133728
      objectReference: {fileID: 0}
    - target: {fileID: 400140, guid: 86d9ef5b89a47c64fbb841c442d147fb, type: 3}
      propertyPath: m_LocalEulerAnglesHint.y
      value: -172.6499
      objectReference: {fileID: 0}
    - target: {fileID: 400140, guid: 86d9ef5b89a47c64fbb841c442d147fb, type: 3}
      propertyPath: m_LocalEulerAnglesHint.z
      value: 0.000007509087
      objectReference: {fileID: 0}
    - target: {fileID: 400122, guid: 86d9ef5b89a47c64fbb841c442d147fb, type: 3}
      propertyPath: m_LocalEulerAnglesHint.x
      value: -27.734392
      objectReference: {fileID: 0}
    - target: {fileID: 400122, guid: 86d9ef5b89a47c64fbb841c442d147fb, type: 3}
      propertyPath: m_LocalEulerAnglesHint.y
      value: 44.282635
      objectReference: {fileID: 0}
    - target: {fileID: 400122, guid: 86d9ef5b89a47c64fbb841c442d147fb, type: 3}
      propertyPath: m_LocalEulerAnglesHint.z
      value: -41.470837
      objectReference: {fileID: 0}
    - target: {fileID: 400080, guid: 86d9ef5b89a47c64fbb841c442d147fb, type: 3}
      propertyPath: m_LocalEulerAnglesHint.x
      value: 6.3557067
      objectReference: {fileID: 0}
    - target: {fileID: 400080, guid: 86d9ef5b89a47c64fbb841c442d147fb, type: 3}
      propertyPath: m_LocalEulerAnglesHint.y
      value: 151.85994
      objectReference: {fileID: 0}
    - target: {fileID: 400080, guid: 86d9ef5b89a47c64fbb841c442d147fb, type: 3}
      propertyPath: m_LocalEulerAnglesHint.z
      value: -157.1314
      objectReference: {fileID: 0}
    - target: {fileID: 400066, guid: 86d9ef5b89a47c64fbb841c442d147fb, type: 3}
      propertyPath: m_LocalEulerAnglesHint.x
      value: -72.91396
      objectReference: {fileID: 0}
    - target: {fileID: 400066, guid: 86d9ef5b89a47c64fbb841c442d147fb, type: 3}
      propertyPath: m_LocalEulerAnglesHint.y
      value: -105.05807
      objectReference: {fileID: 0}
    - target: {fileID: 400066, guid: 86d9ef5b89a47c64fbb841c442d147fb, type: 3}
      propertyPath: m_LocalEulerAnglesHint.z
      value: 127.40928
      objectReference: {fileID: 0}
    - target: {fileID: 400200, guid: 86d9ef5b89a47c64fbb841c442d147fb, type: 3}
      propertyPath: m_LocalEulerAnglesHint.x
      value: -0.2572692
      objectReference: {fileID: 0}
    - target: {fileID: 400200, guid: 86d9ef5b89a47c64fbb841c442d147fb, type: 3}
      propertyPath: m_LocalEulerAnglesHint.y
      value: 35.869354
      objectReference: {fileID: 0}
    - target: {fileID: 400200, guid: 86d9ef5b89a47c64fbb841c442d147fb, type: 3}
      propertyPath: m_LocalEulerAnglesHint.z
      value: -1.2988056
      objectReference: {fileID: 0}
    - target: {fileID: 400172, guid: 86d9ef5b89a47c64fbb841c442d147fb, type: 3}
      propertyPath: m_LocalEulerAnglesHint.x
      value: 10.37925
      objectReference: {fileID: 0}
    - target: {fileID: 400172, guid: 86d9ef5b89a47c64fbb841c442d147fb, type: 3}
      propertyPath: m_LocalEulerAnglesHint.y
      value: 8.432758
      objectReference: {fileID: 0}
    - target: {fileID: 400172, guid: 86d9ef5b89a47c64fbb841c442d147fb, type: 3}
      propertyPath: m_LocalEulerAnglesHint.z
      value: 5.0641885
      objectReference: {fileID: 0}
    - target: {fileID: 400124, guid: 86d9ef5b89a47c64fbb841c442d147fb, type: 3}
      propertyPath: m_LocalEulerAnglesHint.x
      value: -11.504037
      objectReference: {fileID: 0}
    - target: {fileID: 400124, guid: 86d9ef5b89a47c64fbb841c442d147fb, type: 3}
      propertyPath: m_LocalEulerAnglesHint.y
      value: 8.40821
      objectReference: {fileID: 0}
    - target: {fileID: 400124, guid: 86d9ef5b89a47c64fbb841c442d147fb, type: 3}
      propertyPath: m_LocalEulerAnglesHint.z
      value: -10.417162
      objectReference: {fileID: 0}
    - target: {fileID: 400128, guid: 86d9ef5b89a47c64fbb841c442d147fb, type: 3}
      propertyPath: m_LocalEulerAnglesHint.x
      value: 62.350746
      objectReference: {fileID: 0}
    - target: {fileID: 400128, guid: 86d9ef5b89a47c64fbb841c442d147fb, type: 3}
      propertyPath: m_LocalEulerAnglesHint.y
      value: -64.77205
      objectReference: {fileID: 0}
    - target: {fileID: 400128, guid: 86d9ef5b89a47c64fbb841c442d147fb, type: 3}
      propertyPath: m_LocalEulerAnglesHint.z
      value: 22.06349
      objectReference: {fileID: 0}
    - target: {fileID: 400206, guid: 86d9ef5b89a47c64fbb841c442d147fb, type: 3}
      propertyPath: m_LocalEulerAnglesHint.x
      value: -0.000008651422
      objectReference: {fileID: 0}
    - target: {fileID: 400206, guid: 86d9ef5b89a47c64fbb841c442d147fb, type: 3}
      propertyPath: m_LocalEulerAnglesHint.y
      value: 180
      objectReference: {fileID: 0}
    - target: {fileID: 400206, guid: 86d9ef5b89a47c64fbb841c442d147fb, type: 3}
      propertyPath: m_LocalEulerAnglesHint.z
      value: 0.000008651422
      objectReference: {fileID: 0}
    - target: {fileID: 400208, guid: 86d9ef5b89a47c64fbb841c442d147fb, type: 3}
      propertyPath: m_LocalEulerAnglesHint.x
      value: -6.370409
      objectReference: {fileID: 0}
    - target: {fileID: 400208, guid: 86d9ef5b89a47c64fbb841c442d147fb, type: 3}
      propertyPath: m_LocalEulerAnglesHint.y
      value: -80.69335
      objectReference: {fileID: 0}
    - target: {fileID: 400208, guid: 86d9ef5b89a47c64fbb841c442d147fb, type: 3}
      propertyPath: m_LocalEulerAnglesHint.z
      value: -61.004036
      objectReference: {fileID: 0}
    - target: {fileID: 400134, guid: 86d9ef5b89a47c64fbb841c442d147fb, type: 3}
      propertyPath: m_LocalEulerAnglesHint.x
      value: 1.5482411
      objectReference: {fileID: 0}
    - target: {fileID: 400134, guid: 86d9ef5b89a47c64fbb841c442d147fb, type: 3}
      propertyPath: m_LocalEulerAnglesHint.y
      value: 34.702168
      objectReference: {fileID: 0}
    - target: {fileID: 400134, guid: 86d9ef5b89a47c64fbb841c442d147fb, type: 3}
      propertyPath: m_LocalEulerAnglesHint.z
      value: -5.135595
      objectReference: {fileID: 0}
    - target: {fileID: 400042, guid: 86d9ef5b89a47c64fbb841c442d147fb, type: 3}
      propertyPath: m_LocalEulerAnglesHint.x
      value: 9.814802
      objectReference: {fileID: 0}
    - target: {fileID: 400042, guid: 86d9ef5b89a47c64fbb841c442d147fb, type: 3}
      propertyPath: m_LocalEulerAnglesHint.y
      value: 150.20491
      objectReference: {fileID: 0}
    - target: {fileID: 400042, guid: 86d9ef5b89a47c64fbb841c442d147fb, type: 3}
      propertyPath: m_LocalEulerAnglesHint.z
      value: 173.93495
      objectReference: {fileID: 0}
    - target: {fileID: 400038, guid: 86d9ef5b89a47c64fbb841c442d147fb, type: 3}
      propertyPath: m_LocalEulerAnglesHint.x
      value: 76.642815
      objectReference: {fileID: 0}
    - target: {fileID: 400038, guid: 86d9ef5b89a47c64fbb841c442d147fb, type: 3}
      propertyPath: m_LocalEulerAnglesHint.y
      value: 83.069374
      objectReference: {fileID: 0}
    - target: {fileID: 400038, guid: 86d9ef5b89a47c64fbb841c442d147fb, type: 3}
      propertyPath: m_LocalEulerAnglesHint.z
      value: -117.76286
      objectReference: {fileID: 0}
    - target: {fileID: 400046, guid: 86d9ef5b89a47c64fbb841c442d147fb, type: 3}
      propertyPath: m_LocalEulerAnglesHint.x
      value: -72.7071
      objectReference: {fileID: 0}
    - target: {fileID: 400046, guid: 86d9ef5b89a47c64fbb841c442d147fb, type: 3}
      propertyPath: m_LocalEulerAnglesHint.y
      value: 174.51366
      objectReference: {fileID: 0}
    - target: {fileID: 400046, guid: 86d9ef5b89a47c64fbb841c442d147fb, type: 3}
      propertyPath: m_LocalEulerAnglesHint.z
      value: 137.34924
      objectReference: {fileID: 0}
    - target: {fileID: 400120, guid: 86d9ef5b89a47c64fbb841c442d147fb, type: 3}
      propertyPath: m_LocalEulerAnglesHint.x
      value: -2.5190043
      objectReference: {fileID: 0}
    - target: {fileID: 400120, guid: 86d9ef5b89a47c64fbb841c442d147fb, type: 3}
      propertyPath: m_LocalEulerAnglesHint.y
      value: 4.7818093
      objectReference: {fileID: 0}
    - target: {fileID: 400120, guid: 86d9ef5b89a47c64fbb841c442d147fb, type: 3}
      propertyPath: m_LocalEulerAnglesHint.z
      value: 1.1828837
      objectReference: {fileID: 0}
    - target: {fileID: 400106, guid: 86d9ef5b89a47c64fbb841c442d147fb, type: 3}
      propertyPath: m_LocalEulerAnglesHint.x
      value: -10.37924
      objectReference: {fileID: 0}
    - target: {fileID: 400106, guid: 86d9ef5b89a47c64fbb841c442d147fb, type: 3}
      propertyPath: m_LocalEulerAnglesHint.y
      value: 8.432762
      objectReference: {fileID: 0}
    - target: {fileID: 400106, guid: 86d9ef5b89a47c64fbb841c442d147fb, type: 3}
      propertyPath: m_LocalEulerAnglesHint.z
      value: -5.064167
      objectReference: {fileID: 0}
    - target: {fileID: 400054, guid: 86d9ef5b89a47c64fbb841c442d147fb, type: 3}
      propertyPath: m_LocalEulerAnglesHint.x
      value: -77.78815
      objectReference: {fileID: 0}
    - target: {fileID: 400054, guid: 86d9ef5b89a47c64fbb841c442d147fb, type: 3}
      propertyPath: m_LocalEulerAnglesHint.y
      value: -77.65418
      objectReference: {fileID: 0}
    - target: {fileID: 400054, guid: 86d9ef5b89a47c64fbb841c442d147fb, type: 3}
      propertyPath: m_LocalEulerAnglesHint.z
      value: 89.495384
      objectReference: {fileID: 0}
    - target: {fileID: 400070, guid: 86d9ef5b89a47c64fbb841c442d147fb, type: 3}
      propertyPath: m_LocalEulerAnglesHint.x
      value: -6.959143
      objectReference: {fileID: 0}
    - target: {fileID: 400070, guid: 86d9ef5b89a47c64fbb841c442d147fb, type: 3}
      propertyPath: m_LocalEulerAnglesHint.y
      value: 159.73753
      objectReference: {fileID: 0}
    - target: {fileID: 400070, guid: 86d9ef5b89a47c64fbb841c442d147fb, type: 3}
      propertyPath: m_LocalEulerAnglesHint.z
      value: 163.0403
      objectReference: {fileID: 0}
    - target: {fileID: 400086, guid: 86d9ef5b89a47c64fbb841c442d147fb, type: 3}
      propertyPath: m_LocalEulerAnglesHint.x
      value: 13.886667
      objectReference: {fileID: 0}
    - target: {fileID: 400086, guid: 86d9ef5b89a47c64fbb841c442d147fb, type: 3}
      propertyPath: m_LocalEulerAnglesHint.y
      value: -155.3294
      objectReference: {fileID: 0}
    - target: {fileID: 400086, guid: 86d9ef5b89a47c64fbb841c442d147fb, type: 3}
      propertyPath: m_LocalEulerAnglesHint.z
      value: 174.66176
      objectReference: {fileID: 0}
    - target: {fileID: 400130, guid: 86d9ef5b89a47c64fbb841c442d147fb, type: 3}
      propertyPath: m_LocalEulerAnglesHint.x
      value: -29.301077
      objectReference: {fileID: 0}
    - target: {fileID: 400130, guid: 86d9ef5b89a47c64fbb841c442d147fb, type: 3}
      propertyPath: m_LocalEulerAnglesHint.y
      value: -3.304242
      objectReference: {fileID: 0}
    - target: {fileID: 400130, guid: 86d9ef5b89a47c64fbb841c442d147fb, type: 3}
      propertyPath: m_LocalEulerAnglesHint.z
      value: -5.633353
      objectReference: {fileID: 0}
    - target: {fileID: 400048, guid: 86d9ef5b89a47c64fbb841c442d147fb, type: 3}
      propertyPath: m_LocalEulerAnglesHint.x
      value: -53.560806
      objectReference: {fileID: 0}
    - target: {fileID: 400048, guid: 86d9ef5b89a47c64fbb841c442d147fb, type: 3}
      propertyPath: m_LocalEulerAnglesHint.y
      value: -79.22539
      objectReference: {fileID: 0}
    - target: {fileID: 400048, guid: 86d9ef5b89a47c64fbb841c442d147fb, type: 3}
      propertyPath: m_LocalEulerAnglesHint.z
      value: 88.0961
      objectReference: {fileID: 0}
    - target: {fileID: 400198, guid: 86d9ef5b89a47c64fbb841c442d147fb, type: 3}
      propertyPath: m_LocalEulerAnglesHint.x
      value: -26.391674
      objectReference: {fileID: 0}
    - target: {fileID: 400198, guid: 86d9ef5b89a47c64fbb841c442d147fb, type: 3}
      propertyPath: m_LocalEulerAnglesHint.y
      value: 169.04039
      objectReference: {fileID: 0}
    - target: {fileID: 400198, guid: 86d9ef5b89a47c64fbb841c442d147fb, type: 3}
      propertyPath: m_LocalEulerAnglesHint.z
      value: 12.537985
      objectReference: {fileID: 0}
    - target: {fileID: 400204, guid: 86d9ef5b89a47c64fbb841c442d147fb, type: 3}
      propertyPath: m_LocalEulerAnglesHint.x
      value: -6.983803
      objectReference: {fileID: 0}
    - target: {fileID: 400204, guid: 86d9ef5b89a47c64fbb841c442d147fb, type: 3}
      propertyPath: m_LocalEulerAnglesHint.y
      value: -27.204018
      objectReference: {fileID: 0}
    - target: {fileID: 400204, guid: 86d9ef5b89a47c64fbb841c442d147fb, type: 3}
      propertyPath: m_LocalEulerAnglesHint.z
      value: -7.3413134
      objectReference: {fileID: 0}
    - target: {fileID: 400044, guid: 86d9ef5b89a47c64fbb841c442d147fb, type: 3}
      propertyPath: m_LocalEulerAnglesHint.x
      value: 60.994896
      objectReference: {fileID: 0}
    - target: {fileID: 400044, guid: 86d9ef5b89a47c64fbb841c442d147fb, type: 3}
      propertyPath: m_LocalEulerAnglesHint.y
      value: 89.303345
      objectReference: {fileID: 0}
    - target: {fileID: 400044, guid: 86d9ef5b89a47c64fbb841c442d147fb, type: 3}
      propertyPath: m_LocalEulerAnglesHint.z
      value: -91.32191
      objectReference: {fileID: 0}
    - target: {fileID: 400186, guid: 86d9ef5b89a47c64fbb841c442d147fb, type: 3}
      propertyPath: m_LocalEulerAnglesHint.x
      value: 2.5190105
      objectReference: {fileID: 0}
    - target: {fileID: 400186, guid: 86d9ef5b89a47c64fbb841c442d147fb, type: 3}
      propertyPath: m_LocalEulerAnglesHint.y
      value: 4.781811
      objectReference: {fileID: 0}
    - target: {fileID: 400186, guid: 86d9ef5b89a47c64fbb841c442d147fb, type: 3}
      propertyPath: m_LocalEulerAnglesHint.z
      value: -1.1828834
      objectReference: {fileID: 0}
    - target: {fileID: 400024, guid: 86d9ef5b89a47c64fbb841c442d147fb, type: 3}
      propertyPath: m_LocalEulerAnglesHint.x
      value: 35.868725
      objectReference: {fileID: 0}
    - target: {fileID: 400024, guid: 86d9ef5b89a47c64fbb841c442d147fb, type: 3}
      propertyPath: m_LocalEulerAnglesHint.y
      value: -63.88721
      objectReference: {fileID: 0}
    - target: {fileID: 400024, guid: 86d9ef5b89a47c64fbb841c442d147fb, type: 3}
      propertyPath: m_LocalEulerAnglesHint.z
      value: 105.10151
      objectReference: {fileID: 0}
    - target: {fileID: 400190, guid: 86d9ef5b89a47c64fbb841c442d147fb, type: 3}
      propertyPath: m_LocalEulerAnglesHint.x
      value: 11.504038
      objectReference: {fileID: 0}
    - target: {fileID: 400190, guid: 86d9ef5b89a47c64fbb841c442d147fb, type: 3}
      propertyPath: m_LocalEulerAnglesHint.y
      value: 8.408207
      objectReference: {fileID: 0}
    - target: {fileID: 400190, guid: 86d9ef5b89a47c64fbb841c442d147fb, type: 3}
      propertyPath: m_LocalEulerAnglesHint.z
      value: 10.417162
      objectReference: {fileID: 0}
    - target: {fileID: 400176, guid: 86d9ef5b89a47c64fbb841c442d147fb, type: 3}
      propertyPath: m_LocalEulerAnglesHint.x
      value: 27.815725
      objectReference: {fileID: 0}
    - target: {fileID: 400176, guid: 86d9ef5b89a47c64fbb841c442d147fb, type: 3}
      propertyPath: m_LocalEulerAnglesHint.y
      value: 24.534578
      objectReference: {fileID: 0}
    - target: {fileID: 400176, guid: 86d9ef5b89a47c64fbb841c442d147fb, type: 3}
      propertyPath: m_LocalEulerAnglesHint.z
      value: 28.374289
      objectReference: {fileID: 0}
    - target: {fileID: 400146, guid: 86d9ef5b89a47c64fbb841c442d147fb, type: 3}
      propertyPath: m_LocalEulerAnglesHint.x
      value: -0.000015258788
      objectReference: {fileID: 0}
    - target: {fileID: 400146, guid: 86d9ef5b89a47c64fbb841c442d147fb, type: 3}
      propertyPath: m_LocalEulerAnglesHint.y
      value: 180
      objectReference: {fileID: 0}
    - target: {fileID: 400146, guid: 86d9ef5b89a47c64fbb841c442d147fb, type: 3}
      propertyPath: m_LocalEulerAnglesHint.z
      value: -179.99998
      objectReference: {fileID: 0}
    - target: {fileID: 400220, guid: 86d9ef5b89a47c64fbb841c442d147fb, type: 3}
      propertyPath: m_LocalEulerAnglesHint.x
      value: 1.6284439e-12
      objectReference: {fileID: 0}
    - target: {fileID: 400220, guid: 86d9ef5b89a47c64fbb841c442d147fb, type: 3}
      propertyPath: m_LocalEulerAnglesHint.y
      value: 179.99998
      objectReference: {fileID: 0}
    - target: {fileID: 400220, guid: 86d9ef5b89a47c64fbb841c442d147fb, type: 3}
      propertyPath: m_LocalEulerAnglesHint.z
      value: 90.00001
      objectReference: {fileID: 0}
    - target: {fileID: 400002, guid: 86d9ef5b89a47c64fbb841c442d147fb, type: 3}
      propertyPath: m_LocalEulerAnglesHint.x
      value: -90
      objectReference: {fileID: 0}
    - target: {fileID: 400228, guid: 86d9ef5b89a47c64fbb841c442d147fb, type: 3}
      propertyPath: m_LocalEulerAnglesHint.x
      value: -90
      objectReference: {fileID: 0}
    - target: {fileID: 13700020, guid: 86d9ef5b89a47c64fbb841c442d147fb, type: 3}
      propertyPath: m_Materials.Array.data[0]
      value: 
      objectReference: {fileID: 2100000, guid: 66ccaf4eb8800a043a9f86e998e3751e, type: 2}
    - target: {fileID: 13700004, guid: 86d9ef5b89a47c64fbb841c442d147fb, type: 3}
      propertyPath: m_Materials.Array.data[0]
      value: 
      objectReference: {fileID: 2100000, guid: f5d0824db5db09c4aa3b19efda8e80d6, type: 2}
    - target: {fileID: 13700016, guid: 86d9ef5b89a47c64fbb841c442d147fb, type: 3}
      propertyPath: m_Materials.Array.data[0]
      value: 
      objectReference: {fileID: 2100000, guid: 89543c5675034f5438007eb050ebbcc2, type: 2}
    - target: {fileID: 13700010, guid: 86d9ef5b89a47c64fbb841c442d147fb, type: 3}
      propertyPath: m_Materials.Array.data[0]
      value: 
      objectReference: {fileID: 2100000, guid: 2880b648af2e2f74097cba38756ecc69, type: 2}
    - target: {fileID: 13700008, guid: 86d9ef5b89a47c64fbb841c442d147fb, type: 3}
      propertyPath: m_Materials.Array.data[0]
      value: 
      objectReference: {fileID: 2100000, guid: 2880b648af2e2f74097cba38756ecc69, type: 2}
    - target: {fileID: 13700006, guid: 86d9ef5b89a47c64fbb841c442d147fb, type: 3}
      propertyPath: m_Materials.Array.data[0]
      value: 
      objectReference: {fileID: 2100000, guid: 54d84148656ab7944865c61e66281bd6, type: 2}
    - target: {fileID: 13700000, guid: 86d9ef5b89a47c64fbb841c442d147fb, type: 3}
      propertyPath: m_Materials.Array.data[0]
      value: 
      objectReference: {fileID: 2100000, guid: b4ec9d8e124810e4b83c467a05609e99, type: 2}
    - target: {fileID: 13700012, guid: 86d9ef5b89a47c64fbb841c442d147fb, type: 3}
      propertyPath: m_Materials.Array.data[0]
      value: 
      objectReference: {fileID: 2100000, guid: 25411c35d4f8c01408bfd0284f229bbc, type: 2}
    - target: {fileID: 13700018, guid: 86d9ef5b89a47c64fbb841c442d147fb, type: 3}
      propertyPath: m_Materials.Array.data[0]
      value: 
      objectReference: {fileID: 2100000, guid: 3cc0bb78abcf30b4aa517424a985439f, type: 2}
    - target: {fileID: 13700022, guid: 86d9ef5b89a47c64fbb841c442d147fb, type: 3}
      propertyPath: m_Materials.Array.data[0]
      value: 
      objectReference: {fileID: 2100000, guid: 2880b648af2e2f74097cba38756ecc69, type: 2}
    m_RemovedComponents: []
  m_ParentPrefab: {fileID: 100100000, guid: 86d9ef5b89a47c64fbb841c442d147fb, type: 3}
  m_IsPrefabParent: 0
